@misc{cerco,
  title={Certifying cost annotations in compilers}, 
  author={Roberto M. Amadio and Nicolas Ayache and Yann RÃ©gis-Gianas and Ronan Saillard},
  year={2010},
  eprint={1010.1697},
  archivePrefix={arXiv},
  primaryClass={cs.PL}
}

@inproceedings{yellow_paper,
  title={Ethereum: a Secure Decentralised Generalised Transaction Ledger},
  author={Daniel Davis Wood},
  year={2014}
}

@online{gascosts_excel,
  author   = {Ethereum Developers},
  title    = {Gas Costs from Yellow Paper -- EIP-150 Revision},
  url      = {https://docs.google.com/spreadsheets/d/1n6mRqkBz3iWcOlRem_mO09GtSKEKrAsfO7Frgx18pNU/edit#gid=0},
  keywords = {gas, opcodes, prices, evm}
}

@online{solc,
  author   = {Solidity Developers},
  title    = {Solidity Source Code},
  url      = {https://github.com/ethereum/solidity/},
  keywords = {solidity, compiler, solc, source-code}
}

@online{gcc,
  author   = {Free Software Foundation, Inc.},
  title    = {GCC Official Website},
  url      = {https://gcc.gnu.org/},
  keywords = {gcc, gnu, compiler, c, c-language}
}

@online{torvalds,
  author   = {Linus Torvalds},
  title    = {Linus Torvalds talk "Nothing better than C"},
  url      = {https://www.youtube.com/watch?v=CYvJPra7Ebk},
  keywords = {torvalds, c, c-language}
}

@book{linguaggi,
  title={Linguaggi di programmazione. Principi e paradigmi},
  author={Gabbrielli, M. and Martini, S.},
  isbn={9788838665738},
  series={Collana di istruzione scientifica},
  url={https://books.google.it/books?id=w5rJYgEACAAJ},
  year={2011},
  publisher={McGraw-Hill Companies}
}

@book{dragonBook,
  biburl = {https://www.bibsonomy.org/bibtex/2c3bc558a481f3cf0445068988a80f1b2/earthfare},
  citeulike-article-id = {1033375},
  description = {CiteULike: Everyone's library},
  howpublished = {Hardcover},
  interhash = {6bc8d88ce1094de53ec7ec47b7ba4973},
  intrahash = {c3bc558a481f3cf0445068988a80f1b2},
  isbn = {0321486811},
  keywords = {compilers},
  month = {8},
  posted-at = {2009-05-19 16:04:16},
  priority = {2},
  publisher = {{Addison Wesley}},
  timestamp = {2009-05-19T18:03:27.000+0200},
  title = {Compilers: Principles, Techniques, and Tools (2nd Edition)},
  url = {http://www.amazon.ca/exec/obidos/redirect?tag=citeulike09-20\&amp;path=ASIN/0321486811},
  year = 2006
}

@online{llvmir,
  author   = {LLVM Project},
  title    = {LLVM IR},
  url      = {https://llvm.org/docs/LangRef.html},
  keywords = {llvm, ir, compiler, llvm-ir}
}

@online{repo_thesis,
  author   = {Mattia Guazzaloca},
  title    = {Codice sorgente del tool Cerco2},
  url      = {https://github.com/mettz/thesis},
  keywords = {source-code, solidity, thesis, implementation}
}

@online{truffle,
  author   = {Truffle Developers},
  title    = {Truffle Suite Website},
  url      = {https://www.trufflesuite.com/},
  keywords = {truffle, smart-contracts, test, testing, develop}
}

@InProceedings{solidity_type_error1,
    author="Crafa, Silvia
    and Di Pirro, Matteo
    and Zucca, Elena",
    editor="Bracciali, Andrea
    and Clark, Jeremy
    and Pintore, Federico
    and R{\o}nne, Peter B.
    and Sala, Massimiliano",
    title="Is Solidity Solid Enough?",
    booktitle="Financial Cryptography and Data Security",
    year="2020",
    publisher="Springer International Publishing",
    address="Cham",
    pages="138--153",
    isbn="978-3-030-43725-1"
}

@article{solidity_type_error2,
  author    = {Silvia Crafa and
               Matteo Di Pirro},
  title     = {Solidity 0.5: when typed does not mean type safe},
  journal   = {CoRR},
  volume    = {abs/1907.02952},
  year      = {2019},
  url       = {http://arxiv.org/abs/1907.02952},
  eprinttype = {arXiv},
  eprint    = {1907.02952},
  timestamp = {Mon, 08 Jul 2019 14:12:33 +0200},
  biburl    = {https://dblp.org/rec/journals/corr/abs-1907-02952.bib},
  bibsource = {dblp computer science bibliography, https://dblp.org}
}

@article{bitcoin,
    author = {Nakamoto, Satoshi},
    year = {2009},
    month = {03},
    pages = {},
    title = {Bitcoin: A Peer-to-Peer Electronic Cash System},
    journal = {Cryptography Mailing list at https://metzdowd.com}
}

@online{cerco_website,
  author   = {CerCo Members},
  title    = {CerCo Website},
  url      = {http://cerco.cs.unibo.it/},
  keywords = {cerco, certified-complexity, project, compilers, cost, execution-cost}
}

@online{ethereum_website,
  author   = {Ethereum Developers},
  title    = {Ethereum Website},
  url      = {https://ethereum.org/},
  keywords = {ethereum, blockchain, platform}
}

@online{remix,
  author   = {Remix Developers},
  title    = {Remix IDE},
  url      = {https://remix.ethereum.org/},
  keywords = {remix, ide, ethereum, smart-contracts}
}

@online{solidity_docs,
  author   = {Solidity Developers},
  title    = {Solidity Documentation},
  url      = {https://docs.soliditylang.org/},
  keywords = {solidity, documentation}
}

@online{yul,
  author   = {Solidity Developers},
  title    = {Yul Documentation},
  url      = {https://docs.soliditylang.org/en/latest/yul.html},
  keywords = {yul, documentation, solidity, ir, solidity-ir}
}



@article{gastap,
  author    = {Elvira Albert and
               Pablo Gordillo and
               Albert Rubio and
               Ilya Sergey},
  title     = {{GASTAP:} {A} Gas Analyzer for Smart Contracts},
  journal   = {CoRR},
  volume    = {abs/1811.10403},
  year      = {2018},
  url       = {http://arxiv.org/abs/1811.10403},
  eprinttype = {arXiv},
  eprint    = {1811.10403},
  timestamp = {Sat, 23 Jan 2021 01:11:03 +0100},
  biburl    = {https://dblp.org/rec/journals/corr/abs-1811-10403.bib},
  bibsource = {dblp computer science bibliography, https://dblp.org}
}

@InProceedings{marescotti,
    author="Marescotti, Matteo
    and Blicha, Martin
    and Hyv{\"a}rinen, Antti E. J.
    and Asadi, Sepideh
    and Sharygina, Natasha",
    editor="Margaria, Tiziana
    and Steffen, Bernhard",
    title="Computing Exact Worst-Case Gas Consumption for Smart Contracts",
    booktitle="Leveraging Applications of Formal Methods, Verification and Validation. Industrial Practice",
    year="2018",
    publisher="Springer International Publishing",
    address="Cham",
    pages="450--465",
    isbn="978-3-030-03427-6"
}